@misc{heldkarp_blog,
  title={Held-Karp Algorithm Implementation Guide},
  author={Developer Blog},
  url={https://develop123.tistory.com/292?category=1075984},
  year={2025},
  note={Accessed: 2025}
}

@misc{mst_blog,
  title={MST-based 2-Approximation for TSP},
  author={Gazelle and CS Blog},
  url={https://gazelle-and-cs.tistory.com/18},
  year={2025},
  note={Accessed: 2025}
}